@book{dragonbook,
   title =     {Compilers: principles, techniques, and tools},
   author =    {{Alfred V. Aho, Monica S. Lam, Ravi Sethi, Jeffrey D. Ullman}},
   publisher = {Pearson/Addison Wesley},
   isbn =      {9780321486813,0321486811},
   year =      {2007},
   series =    {},
   edition =   {2nd ed},
   volume =    {},
}
